@book{PractStats,
    author = "Peter Bruce and Andrew Bruce",
    title = "Practical Statistics for Data Scientists",
    publisher = "O'Reilly Media, Inc",
    year = "2017"
}

@book{ISLR,
    author = "James, G and Witten, D and Hastie, T, and Tibshirani, R",
    title = "An Introduction to Statistical Learning",
    publisher = "Springer",
    year = "2017"
}

@misc{Fourier,
    author = "MathWorks",
    title = "Fourier Transforms",
    year = "n.d.",
    note = "\url{https://se.mathworks.com/help/matlab/math/fourier-transforms.html} [032520]"
}

@misc{numpy,
  author = {Travis Oliphant},
  title = {{NumPy}: A guide to {NumPy}},
  year = {2006--},
  howpublished = {USA: Trelgol Publishing},
  note = "
  \url{https://numpy.org/} [051320],
  \url{https://numpy.org/doc/1.18/reference/routines.fft.html} [051320]
  \url{https://numpy.org/doc/1.18/reference/generated/numpy.fft.fft.html} [051320],
  \url{https://numpy.org/doc/1.18/reference/generated/numpy.fft.fftfreq.html} [051320],
  \url{https://numpy.org/doc/1.18/reference/generated/numpy.absolute.html} [051320]"
 }

@article{SKLEARN,
 title={Scikit-learn: Machine Learning in {P}ython},
 author={Pedregosa, F. and Varoquaux, G. and Gramfort, A. and Michel, V.
         and Thirion, B. and Grisel, O. and Blondel, M. and Prettenhofer, P.
         and Weiss, R. and Dubourg, V. and Vanderplas, J. and Passos, A. and
         Cournapeau, D. and Brucher, M. and Perrot, M. and Duchesnay, E.},
 journal={Journal of Machine Learning Research},
 volume={12},
 pages={2825--2830},
 year={2011},
 note = "
 \url{https://scikit-learn.org/} [050520],
 \url{https://scikit-learn.org/stable/modules/generated/sklearn.decomposition.PCA.html} [051120],
 \url{https://scikit-learn.org/stable/modules/generated/sklearn.cluster.KMeans.html} [051120]"
}

@Article{MPL,
  Author    = {Hunter, J. D.},
  Title     = {Matplotlib: A 2D graphics environment},
  Journal   = {Computing in Science \& Engineering},
  Volume    = {9},
  Number    = {3},
  Pages     = {90--95},
  abstract  = {Matplotlib is a 2D graphics package used for Python for
  application development, interactive scripting, and publication-quality
  image generation across user interfaces and operating systems.},
  publisher = {IEEE COMPUTER SOC},
  doi       = {10.1109/MCSE.2007.55},
  year      = 2007,
  note = "
  \url{https://matplotlib.org/index.html} [051220],
  \url{https://matplotlib.org/3.2.1/api/_as_gen/matplotlib.pyplot.plot.html} [051220],
  \url{https://matplotlib.org/3.2.1/api/_as_gen/matplotlib.pyplot.imshow.html} [051220]"
}

@article{Cagnan,
	author = "Cagnan, H. et al.",
	title = "Temporal evolution of beta bursts in the parkinsonian cortical and basal ganglia network",
	year = "2019",
	journal = "PNAS",
	volume = "116",
	number = "32",
	pages = "16095-16104"
}

@article{DeMaags,
	author = "DeMaags, George",
	title = "Parkinson’s disease and its management",
	year = "2015",
	journal = "Pharmacy and Therapeutics",
	volume = "40",
	number = "8",
	pages = "504-510, 532"
}

@article{Eden,
  author = "Eden, Uri",
  title = "Neural Spike Train Analysis 1:
  Introduction to Point Processes",
  year = "2015"
}

@article{Gerstner,
  author = "Gerstner, Wulfram",
  title = "Neuronal dynamics: From single neurons to networks and models of cognition",
  year = "2014"
}

@article{Hammond,
	author = "Hammond, Constance",
	title = "Pathological synchronization in Parkinson’s disease: networks, models and treatments",
	year = "2007",
	journal = "Trends in Neurosciences",
	volume = "7",
	pages = "357-364"
}

@article{Mallet,
	author = "Mallet, N.",
	title = "Parkinsonian beta oscillations in the external globus pallidus and their relationship with subthalamic nucleus activity",
	year = "2008",
	journal = "Journal of Neuroscience",
	volume = "28",
	number = "52",
	pages = "14245-58"
}

@article{Perkel,
  author = "H.Perkel, Donald.",
  title = "Neuronal spike trains and stochastic point processes",
  year = "1967",
  journal = "Biophysical Journal",
  volume = "7",
  pages = "391-418"
}

@article{Zacca,
  author = "Zaccarelli, Nicola",
  title = "Order and disorder in ecological time-series: Introducing normalized spectral entropy",
  year = "2011",
  journal = "Ecol. Indicat.",
  note = "\url{https://www.sciencedirect.com/science/article/abs/pii/S1470160X11002147?via%3Dihub}"
}

@article{Seaborn,
  author       = {Michael Waskom and
                  Olga Botvinnik and
                  Joel Ostblom and
                  Maoz Gelbart and
                  Saulius Lukauskas and
                  Paul Hobson and
                  David C Gemperline and
                  Tom Augspurger and
                  Yaroslav Halchenko and
                  John B. Cole and
                  Jordi Warmenhoven and
                  Julian de Ruiter and
                  Cameron Pye and
                  Stephan Hoyer and
                  Jake Vanderplas and
                  Santi Villalba and
                  Gero Kunter and
                  Eric Quintero and
                  Pete Bachant and
                  Marcel Martin and
                  Kyle Meyer and
                  Corban Swain and
                  Alistair Miles and
                  Thomas Brunner and
                  Drew O'Kane and
                  Tal Yarkoni and
                  Mike Lee Williams and
                  Constantine Evans and
                  Clark Fitzgerald and
                  Brian},
  title        = {mwaskom/seaborn:  v0.10.1 (April 2020)},
  month        = {April},
  year         = 2020,
  publisher    = {Zenodo},
  version      = {v0.10.1},
  doi          = {10.5281/zenodo.3767070},
  note      = "\url{https://doi.org/10.5281/zenodo.3767070} [051520]"
}