@book{PractStats,
    author = "Peter Bruce and Andrew Bruce",
    title = "Practical Statistics for Data Scientists",
    publisher = "O'Reilly Media, Inc",
    year = "2017"
}

@book{ISLR,
    author = "James, G and Witten, D and Hastie, T, and Tibshirani, R",
    title = "An Introduction to Statistical Learning",
    publisher = "Springer",
    year = "2017"
}

@misc{Fourier,
    author = "MathWorks",
    title = "Fourier Transforms",
    year = "n.d.",
    note = "\url{https://se.mathworks.com/help/matlab/math/fourier-transforms.html} [032520]"
}

@misc{numpy,
  author = {Travis Oliphant},
  title = {{NumPy}: A guide to {NumPy}},
  year = {2006--},
  howpublished = {USA: Trelgol Publishing},
  note = "
  \url{https://numpy.org/} [060520],
  \url{https://docs.scipy.org/doc/numpy/reference/generated/numpy.fft.fft.html} [051120],
  \url{https://docs.scipy.org/doc/numpy/reference/generated/numpy.fft.fftfreq.html} [051120],
  \url{https://docs.scipy.org/doc/numpy/reference/generated/numpy.absolute.html} [051120]"
 }

@article{SKLEARN,
 title={Scikit-learn: Machine Learning in {P}ython},
 author={Pedregosa, F. and Varoquaux, G. and Gramfort, A. and Michel, V.
         and Thirion, B. and Grisel, O. and Blondel, M. and Prettenhofer, P.
         and Weiss, R. and Dubourg, V. and Vanderplas, J. and Passos, A. and
         Cournapeau, D. and Brucher, M. and Perrot, M. and Duchesnay, E.},
 journal={Journal of Machine Learning Research},
 volume={12},
 pages={2825--2830},
 year={2011},
 note = "
 \url{https://scikit-learn.org/} [050520],
 \url{https://scikit-learn.org/stable/modules/generated/sklearn.decomposition.PCA.html} [051120],
 \url{https://scikit-learn.org/stable/modules/generated/sklearn.cluster.KMeans.html} [051120]"
}

@article{Cagnan,
	author = "Cagnan, H. et al.",
	title = "Temporal evolution of beta bursts in the parkinsonian cortical and basal ganglia network",
	year = "2019",
	journal = "PNAS",
	volume = "116",
	number = "32",
	pages = "16095-16104"
}

@article{DeMaags,
	author = "DeMaags, George",
	title = "Parkinson’s disease and its management",
	year = "2015",
	journal = "Pharmacy and Therapeutics",
	volume = "40",
	number = "8",
	pages = "504-510, 532"
}

@article{Hammond,
	author = "Hammond, Constance",
	title = "Pathological synchronization in Parkinson’s disease: networks, models and treatments",
	year = "2007",
	journal = "Trends in Neurosciences",
	volume = "7",
	pages = "357-364"
}

@article{Mallet,
	author = "Mallet, N.",
	title = "Parkinsonian beta oscillations in the external globus pallidus and their relationship with subthalamic nucleus activity",
	year = "2008",
	journal = "Journal of Neuroscience",
	volume = "28",
	number = "52",
	pages = "14245-58"
}

