@book{PractStats,
    author = "Peter Bruce and Andrew Bruce",
    title = "Practical Statistics for Data Scientists",
    publisher = "O'Reilly Media, Inc",
    year = "2017"
}

@misc{Fourier,
    author = "MathWorks",
    title = "Fourier Transforms",
    year = "n.d.",
    note = "\textit{https://se.mathworks.com/help/matlab/math/fourier-transforms.html} [032520]"
}